@article{alberts2023large,
  title={Large language models (LLM) and ChatGPT: what will the impact on nuclear medicine be?},
  author={Alberts, Ian L and Mercolli, Lorenzo and Pyka, Thomas and Prenosil, George and Shi, Kuangyu and Rominger, Axel and Afshar-Oromieh, Ali},
  journal={European journal of nuclear medicine and molecular imaging},
  volume={50},
  number={6},
  pages={1549--1552},
  year={2023},
  publisher={Springer}
}
