@article{alberts2023large,
  title={Large language models (LLM) and ChatGPT: what will the impact on nuclear medicine be?},
  author={Alberts, Ian L and Mercolli, Lorenzo and Pyka, Thomas and Prenosil, George and Shi, Kuangyu and Rominger, Axel and Afshar-Oromieh, Ali},
  journal={European journal of nuclear medicine and molecular imaging},
  volume={50},
  number={6},
  pages={1549--1552},
  year={2023},
  publisher={Springer}
}

@inproceedings{mccallum1998naivebayes,
  author    = {Andrew McCallum and
               Kamal Nigam},
  title     = {A Comparison of Event Models for Na√Øve Bayes Text Classification},
  booktitle = {AAAI-98 Workshop on Learning for Text Categorization},
  year      = {1998},
  pages     = {41--48}
}

@inproceedings{joachims1998svm,
  author    = {Thorsten Joachims},
  title     = {Text Categorization with Support Vector Machines: Learning with Many Relevant Features},
  booktitle = {European Conference on Machine Learning ({ECML})},
  year      = {1998},
  pages     = {137--142}
}

@inproceedings{devlin2019bert,
  author    = {Jacob Devlin and
               Ming{-}Wei Chang and
               Kenton Lee and
               Kristina Toutanova},
  title     = {{BERT}: Pre-training of Deep Bidirectional Transformers for Language Understanding},
  booktitle = {Proceedings of {NAACL}-{HLT}},
  year      = {2019},
  pages     = {4171--4186}
}

@techreport{radford2019gpt,
  author      = {Alec Radford and
                 Jeffrey Wu and
                 Rewon Child and
                 David Luan and
                 Dario Amodei and
                 Ilya Sutskever},
  title       = {Language Models Are Unsupervised Multitask Learners},
  institution = {OpenAI},
  year        = {2019},
  note        = {Technical Report}
}

@inproceedings{chen2016xgboost,
  author    = {Tianqi Chen and
               Carlos Guestrin},
  title     = {{XGBoost}: A Scalable Tree Boosting System},
  booktitle = {Proceedings of the 22nd {ACM} {SIGKDD} International Conference on Knowledge Discovery and Data Mining},
  year      = {2016},
  pages     = {785--794}
}

@inproceedings{ke2017lightgbm,
  author    = {Guolin Ke and
               Qi Meng and
               Thomas Finley and
               Taifeng Wang and
               Wei Chen and
               Weidong Ma and
               Qiwei Ye and
               Tie{-}Yan Liu},
  title     = {{LightGBM}: A Highly Efficient Gradient Boosting Decision Tree},
  booktitle = {Advances in Neural Information Processing Systems ({NeurIPS})},
  year      = {2017},
  pages     = {3146--3154}
}

@inproceedings{prokhorenkova2018catboost,
  author    = {Liudmila Prokhorenkova and
               Gleb Gusev and
               Aleksandr Vorobev and
               Anna Veronika Dorogush and
               Andrey Gulin},
  title     = {CatBoost: Unbiased Boosting with Categorical Features},
  booktitle = {Advances in Neural Information Processing Systems ({NeurIPS})},
  year      = {2018},
  pages     = {6638--6648}
}
